<?xml version="1.0" encoding="UTF-8"?><collection xmlns="http://www.loc.gov/MARC21/slim"><record><leader>00572nam--2200193-u-4500</leader><controlfield tag="001">000050922</controlfield><controlfield tag="002">20161230</controlfield><controlfield tag="005">20161230201048</controlfield><controlfield tag="008">080422s1000------------r-----000-0-eng-d</controlfield><datafield ind1=" " ind2=" " tag="020"><subfield code="a">0-8194-6118-0</subfield></datafield><datafield ind1=" " ind2=" " tag="040"><subfield code="a">IFIN-HH</subfield></datafield><datafield ind1=" " ind2=" " tag="080"><subfield code="a">535.31:537.533.35</subfield></datafield><datafield ind1="1" ind2=" " tag="100"><subfield code="a">Masters, Barry R</subfield></datafield><datafield ind1="1" ind2=" " tag="245"><subfield code="a">Confocal Microscopy and Multiphoton Excitation Microscopy;</subfield><subfield code="b">The Genesis of Live Cell Imaging</subfield><subfield code="c">Barry R. Masters</subfield></datafield><datafield ind1=" " ind2=" " tag="260"><subfield code="a">Washington</subfield><subfield code="b">Spie Press</subfield><subfield code="c">2006</subfield></datafield><datafield ind1=" " ind2=" " tag="300"><subfield code="a">208 p</subfield></datafield><datafield ind1=" " ind2="4" tag="650"><subfield code="a">Confocal Microscopy</subfield></datafield><datafield ind1=" " ind2=" " tag="852"><subfield code="a">81972</subfield><subfield code="c">537.533.35</subfield></datafield><datafield ind1=" " ind2=" " tag="CAT"><subfield code="a">Sys</subfield><subfield code="c">20110103</subfield><subfield code="h">151359</subfield></datafield></record></collection>